<record><leader>00000cas a22000007a 4500</leader><controlfield tag="001">17426655</controlfield><controlfield tag="008">880203d195319uulauwr ne      0    0eng d</controlfield><datafield ind1=" " ind2=" " tag="010"><subfield code="a">sn 88064021 </subfield></datafield><datafield ind1=" " ind2=" " tag="040"><subfield code="a">LNP</subfield><subfield code="b">eng</subfield><subfield code="c">LNP</subfield><subfield code="d">OCLCQ</subfield><subfield code="d">DLC</subfield><subfield code="d">OCLCF</subfield></datafield><datafield ind1=" " ind2=" " tag="042"><subfield code="a">msc</subfield></datafield><datafield ind1=" " ind2=" " tag="043"><subfield code="a">n-us-la</subfield></datafield><datafield ind1="0" ind2="0" tag="245"><subfield code="a">West Bank herald.</subfield></datafield><datafield ind1="3" ind2="0" tag="246"><subfield code="a">Herald</subfield></datafield><datafield ind1=" " ind2=" " tag="260"><subfield code="a">Algiers, La. :</subfield><subfield code="b">Herald Pub. Co.</subfield></datafield><datafield ind1=" " ind2=" " tag="310"><subfield code="a">Weekly</subfield></datafield><datafield ind1="0" ind2=" " tag="362"><subfield code="a">Vol. 61, no. 17 (Sept. 3, 1953)-</subfield></datafield><datafield ind1=" " ind2=" " tag="500"><subfield code="a">Published in Algiers, La., Sept. 3, 1953-June 16, 1955; in Gretna, La., June 23, 1955-&lt;Dec. 31, 1959&gt;.</subfield></datafield><datafield ind1=" " ind2=" " tag="500"><subfield code="a">Published as: The herald, Sept. 18, 1958-Jan. 29, 1959.</subfield></datafield><datafield ind1=" " ind2="0" tag="651"><subfield code="a">Algiers (New Orleans, La.)</subfield><subfield code="v">Newspapers.</subfield></datafield><datafield ind1=" " ind2="7" tag="655"><subfield code="a">Newspapers.</subfield><subfield code="2">fast</subfield><subfield code="0">(OCoLC)fst01423814</subfield></datafield><datafield ind1=" " ind2="7" tag="651"><subfield code="a">Louisiana</subfield><subfield code="z">New Orleans</subfield><subfield code="z">Algiers.</subfield><subfield code="2">fast</subfield><subfield code="0">(OCoLC)fst01312985</subfield></datafield><datafield ind1=" " ind2=" " tag="752"><subfield code="a">United States</subfield><subfield code="b">Louisiana</subfield><subfield code="c">Jefferson</subfield><subfield code="d">Gretna.</subfield></datafield><datafield ind1=" " ind2=" " tag="752"><subfield code="a">United States</subfield><subfield code="b">Louisiana</subfield><subfield code="c">Orleans</subfield><subfield code="d">Algiers.</subfield></datafield><datafield ind1="0" ind2="0" tag="780"><subfield code="t">Herald (New Orleans, La.)</subfield><subfield code="x">2166-7977</subfield><subfield code="w">(DLC)sn 88064020</subfield><subfield code="w">(OCoLC)17426644</subfield></datafield></record>